@inproceedings{lewis1992psychometric,
  title={Psychometric evaluation of the post-study system usability questionnaire: The PSSUQ},
  author={Lewis, James R},
  booktitle={Proceedings of the Human Factors and Ergonomics Society Annual Meeting},
  volume={36},
  number={16},
  pages={1259--1260},
  year={1992},
  organization={SAGE Publications}
}

@article{john1996goms,
  title={The GOMS family of user interface analysis techniques: Comparison and contrast},
  author={John, Bonnie E and Kieras, David E},
  journal={ACM Transactions on Computer-Human Interaction (TOCHI)},
  volume={3},
  number={4},
  pages={320--351},
  year={1996},
  publisher={ACM}
}

@book{card1983psychology,
  title={The psychology of human computer interaction},
  author={Card, Stuart K and Moran, Thomas P and Newell, Allen},
  year={1983},
  publisher={Routledge}
}

@article{dunn61,
author = {Dunn, Olive   Jean},
title = {Multiple Comparisons among Means},
journal = {Journal of the American Statistical Association},
volume = {56},
number = {293},
pages = {52-64},
year = {1961},
}